<record><leader>00000cas a22000007a 4500</leader><controlfield tag="001">20076352</controlfield><controlfield tag="008">890726d18961920mouwr ne      0    0eng d</controlfield><datafield ind1=" " ind2=" " tag="010"><subfield code="a">sn 89066727 </subfield></datafield><datafield ind1=" " ind2=" " tag="040"><subfield code="a">MQN</subfield><subfield code="b">eng</subfield><subfield code="c">MQN</subfield><subfield code="d">OCLCQ</subfield></datafield><datafield ind1=" " ind2=" " tag="042"><subfield code="a">msc</subfield></datafield><datafield ind1=" " ind2=" " tag="043"><subfield code="a">n-us-mo</subfield></datafield><datafield ind1="0" ind2="0" tag="245"><subfield code="a">New Hampton herald.</subfield></datafield><datafield ind1=" " ind2=" " tag="260"><subfield code="a">New Hampton, Mo. :</subfield><subfield code="b">J.W. Groves,</subfield><subfield code="c">1896-1920.</subfield></datafield><datafield ind1=" " ind2=" " tag="300"><subfield code="a">v.</subfield></datafield><datafield ind1=" " ind2=" " tag="310"><subfield code="a">Weekly</subfield></datafield><datafield ind1="0" ind2=" " tag="362"><subfield code="a">-v. 24, no. 42 (June 24, 1920).</subfield></datafield><datafield ind1=" " ind2=" " tag="588"><subfield code="a">Description based on: Vol. 1, no. 13 (Dec. 3, 1896).</subfield></datafield><datafield ind1=" " ind2="0" tag="651"><subfield code="a">New Hampton (Mo.)</subfield><subfield code="v">Newspapers.</subfield></datafield><datafield ind1=" " ind2=" " tag="752"><subfield code="a">United States</subfield><subfield code="b">Missouri</subfield><subfield code="c">Harrison</subfield><subfield code="d">New Hampton.</subfield></datafield><datafield ind1="0" ind2="4" tag="785"><subfield code="t">Bethany Republican (Bethany, Mo.)</subfield><subfield code="w">(DLC)sn 86063275</subfield></datafield></record>